<record><leader>00000cas a2200000 a 4500</leader><controlfield tag="001">26145893</controlfield><controlfield tag="008">920708d19uu1970iluwr ne      0   a0eng c</controlfield><datafield ind1=" " ind2=" " tag="010"><subfield code="a">sn 92053916 </subfield></datafield><datafield ind1=" " ind2=" " tag="040"><subfield code="a">NVF</subfield><subfield code="b">eng</subfield><subfield code="c">NVF</subfield><subfield code="d">OCLCQ</subfield><subfield code="d">NVF</subfield><subfield code="d">OCLCF</subfield><subfield code="d">OCLCO</subfield></datafield><datafield ind1="1" ind2=" " tag="029"><subfield code="a">AU@</subfield><subfield code="b">000026538898</subfield></datafield><datafield ind1=" " ind2=" " tag="042"><subfield code="a">pcc</subfield></datafield><datafield ind1=" " ind2=" " tag="043"><subfield code="a">n-us-il</subfield></datafield><datafield ind1="0" ind2="4" tag="245"><subfield code="a">The Christopher progress.</subfield></datafield><datafield ind1=" " ind2=" " tag="260"><subfield code="a">Christopher, Franklin County, Ill. :</subfield><subfield code="b">Lewis Bros. Pub. Co.</subfield></datafield><datafield ind1=" " ind2=" " tag="300"><subfield code="a">v.</subfield></datafield><datafield ind1=" " ind2=" " tag="310"><subfield code="a">Weekly</subfield></datafield><datafield ind1="0" ind2=" " tag="362"><subfield code="a">-v. 64, no. 22 (June 3, 1970).</subfield></datafield><datafield ind1=" " ind2=" " tag="525"><subfield code="a">Sept. 9, 1964 issue is the Zeigler Semi Centennial supplement.</subfield></datafield><datafield ind1=" " ind2=" " tag="530"><subfield code="a">Preservation microfilmed by the University of Illinois at Urbana-Champaign Library as part of the United States Newspaper Program; the years 1929-1962 (on 7 microfilm reels) are available for purchase from OCLC Preservation Service Centers.</subfield></datafield><datafield ind1=" " ind2=" " tag="580"><subfield code="a">Merged with: Sesser review, and: Zeigler-Royalton pioneer, to form: Progress (Christopher, Ill.).</subfield></datafield><datafield ind1=" " ind2=" " tag="588"><subfield code="a">Description based on: Vol. 14, no. 15 (June 29, 1922).</subfield></datafield><datafield ind1=" " ind2="0" tag="651"><subfield code="a">Christopher (Ill.)</subfield><subfield code="v">Newspapers.</subfield></datafield><datafield ind1=" " ind2="7" tag="655"><subfield code="a">Newspapers.</subfield><subfield code="2">fast</subfield><subfield code="0">(OCoLC)fst01423814</subfield></datafield><datafield ind1=" " ind2="7" tag="651"><subfield code="a">Illinois</subfield><subfield code="z">Christopher.</subfield><subfield code="2">fast</subfield><subfield code="0">(OCoLC)fst01883519</subfield></datafield><datafield ind1=" " ind2=" " tag="752"><subfield code="a">United States</subfield><subfield code="b">Illinois</subfield><subfield code="c">Franklin</subfield><subfield code="d">Christopher.</subfield></datafield><datafield ind1="0" ind2="5" tag="780"><subfield code="t">Sesser herald</subfield><subfield code="w">(DLC)sn 92053915</subfield><subfield code="w">(OCoLC)26145837</subfield></datafield><datafield ind1="1" ind2="7" tag="785"><subfield code="t">Sesser review</subfield><subfield code="w">(DLC)sn 92053914</subfield><subfield code="w">(OCoLC)26145949</subfield></datafield><datafield ind1="1" ind2="7" tag="785"><subfield code="t">Zeigler-Royalton pioneer</subfield></datafield><datafield ind1="1" ind2="7" tag="785"><subfield code="t">Progress (Christopher, Ill.)</subfield><subfield code="w">(DLC)sn 92053913</subfield><subfield code="w">(OCoLC)26145995</subfield></datafield></record>